<record><leader>00000cas a22000007a 4500</leader><controlfield tag="001">7626844</controlfield><controlfield tag="008">810729d18981908nduwr ne      0    0nor d</controlfield><datafield ind1=" " ind2=" " tag="010"><subfield code="a">sn 84024168 </subfield></datafield><datafield ind1=" " ind2=" " tag="040"><subfield code="a">WIH</subfield><subfield code="b">eng</subfield><subfield code="c">WIH</subfield><subfield code="d">NPV</subfield><subfield code="d">DLC</subfield><subfield code="d">NOP</subfield><subfield code="d">MN#</subfield><subfield code="d">OCLCQ</subfield></datafield><datafield ind1=" " ind2=" " tag="042"><subfield code="a">msc</subfield></datafield><datafield ind1="0" ind2=" " tag="130"><subfield code="a">Fram (1898)</subfield></datafield><datafield ind1="1" ind2="0" tag="245"><subfield code="a">Fram.</subfield></datafield><datafield ind1=" " ind2=" " tag="260"><subfield code="a">Fargo, N.D. ;</subfield><subfield code="a">Moorhead, Minn. :</subfield><subfield code="b">Fram Pub. Co.,</subfield><subfield code="c">1898-</subfield></datafield><datafield ind1=" " ind2=" " tag="300"><subfield code="a">v. :</subfield><subfield code="b">ill. ;</subfield><subfield code="c">55 cm.</subfield></datafield><datafield ind1=" " ind2=" " tag="310"><subfield code="a">Weekly,</subfield><subfield code="b">1903-1908</subfield></datafield><datafield ind1=" " ind2=" " tag="321"><subfield code="a">Weekly,</subfield><subfield code="b">1898-1899</subfield></datafield><datafield ind1=" " ind2=" " tag="321"><subfield code="a">Semiweekly,</subfield><subfield code="b">1900-1902</subfield></datafield><datafield ind1="0" ind2=" " tag="362"><subfield code="a">Aarg. 20, no. 20 (18de Mai, 1898)-30te Aarg., No. 31 (31te Juli, 1908).</subfield></datafield><datafield ind1="1" ind2=" " tag="362"><subfield code="a">Ceased with Aug. 21, 1908 issue.</subfield></datafield><datafield ind1=" " ind2=" " tag="530"><subfield code="a">Available on microfilm from the State Historical Society of North Dakota.</subfield></datafield><datafield ind1=" " ind2=" " tag="752"><subfield code="a">United States</subfield><subfield code="b">North Dakota</subfield><subfield code="c">Cass</subfield><subfield code="d">Fargo.</subfield></datafield><datafield ind1=" " ind2=" " tag="752"><subfield code="a">United States</subfield><subfield code="b">Minnesota</subfield><subfield code="c">Clay</subfield><subfield code="d">Moorhead.</subfield></datafield><datafield ind1="0" ind2="4" tag="780"><subfield code="t">Fjerde juli og Dakota</subfield></datafield><datafield ind1="0" ind2="4" tag="780"><subfield code="t">Rodhuggeren</subfield><subfield code="w">(DLC)sn 90057595</subfield></datafield><datafield ind1="0" ind2="7" tag="785"><subfield code="t">Folkets blad</subfield></datafield><datafield ind1="0" ind2="7" tag="785"><subfield code="t">Fram og folkets blad</subfield><subfield code="w">(DLC)sn 89074940</subfield></datafield></record>